%% This BibTeX bibliography file was created using BibDesk.
%% http://bibdesk.sourceforge.net/


%% Created for Benjamin BÃ¼tikofer at 2015-06-19 11:22:53 +0200 


%% Saved with string encoding Unicode (UTF-8) 



@book{c-bible,
	Date-Added = {2015-06-19 09:21:21 +0000},
	Date-Modified = {2015-06-19 09:22:52 +0000},
	Edition = {2},
	Publisher = {Prentice Hall },
	Title = {The C Programming Language},
	Year = {1988}}

@book{apue,
	Author = {W. Richard Stevens, Stephen A. Rago},
	Date-Added = {2015-06-19 09:15:21 +0000},
	Date-Modified = {2015-06-19 09:17:03 +0000},
	Edition = {3},
	Publisher = {Addison Wesley},
	Title = {Advanced Programming in the Unix Environment},
	Year = {2013}}

@webpage{byte-stream-server,
	Date-Added = {2015-06-14 10:05:06 +0000},
	Date-Modified = {2015-06-14 10:06:34 +0000},
	Lastchecked = {14.06.2015},
	Url = {http://www.gnu.org/software/libc/manual/html_node/Server-Example.html},
	Bdsk-Url-1 = {http://www.gnu.org/software/libc/manual/html_node/Server-Example.html}}
